@misc{tokens_comparison,
  title  = {API Tokens: A Tedious Survey},
  author = {Thomas Ptacek},
  year   = {2021},
  month  = {August},
  note   = {\url{https://fly.io/blog/api-tokens-a-tedious-survey/}}
}

@misc{vulnerabilities,
  title  = {Critical vulnerabilities in JSON Web Token libraries},
  author = {Tim McLean},
  year   = {2020},
  month  = {August},
  note   = {\url{https://auth0.com/blog/critical-vulnerabilities-in-json-web-token-libraries/}}
}